@misc{virtualbox-networking,
  title={VirtualBox Virtual Networking},
  note={\url{https://www.virtualbox.org/manual/ch06.html}},
  journal={Virtualbox.org},
  year={2023}
}

‌
@misc{nmap-doc,
  title={Documentazione nmap},
  note={\url{https://nmap.org/book/man-host-discovery.html}},
  journal={Nmap.org},
  year={2023}
}

@misc{p0f-man,
  title={p0f: Identify remote systems passively - linux man page},
  note={\url{https://linux.die.net/man/1/p0f}},
  journal={Die.net},
  year={2023} }



@misc{bootp,
  title={RFC 951: Bootstrap Protocol},
  note={\url{https://datatracker.ietf.org/doc/html/rfc951}},
  journal={IETF Datatracker},
  author={IETF},
  year={1985},
  month={Sep}
}

@misc{virtualbox-nat,
  title={Virtualization and Oracle VM VirtualBox networking explained},
  note={\url{https://technology.amis.nl/platform/virtualization-and-oracle-vm/virtualbox-networking-explained/}},
  journal={AMIS, Data Driven Blog - Oracle & Microsoft Azure},
  author={Smeets, Maarten},
  year={2018},
  month={Jul}
}

‌